@article{article,
author = {Hariyama, Masanori and Yokoyama, Naoto and Kameyama, Michitaka},
year = {2008},
month = {04},
pages = {479-486},
title = {Design of a Trinocular-Stereo-Vision VLSI Processor Based on Optimal Scheduling},
volume = {91-C},
journal = {IEICE Transactions on Electronics},
doi = {10.1093/ietele/e91-c.4.479}
}